@online{Faq,
    title = {Frequently Asked Questions},
    author = {Brinker, Andrew and Anderson, Brian and Turon, Aaron and Matsakis, Niko and others},
    organization = {Rust Foundation},
    date = {2016-01-17},
    url = {https://prev.rust-lang.org/en-US/faq},
    urldate = {2022-05-29},
}

@article{RustAlpha,
    title = {The Rust compiler 0.1 is unleashed},
    author = {Anderson, Brian},
    date = {2012-01-20},
    url = {https://mail.mozilla.org/pipermail/rust-dev/2012-January/001256.html},
    urldate = {2022-05-30},
}

@article{Rust1.0,
    title = {Announcing Rust 1.0},
    author = {The Rust Core Team},
    date = {2016-05-15},
    url = {https://blog.rust-lang.org/2015/05/15/Rust-1.0.html},
    urldate = {2022-05-29},
}

@article{RustFuture,
    title = {Laying the foundation for Rust's future},
    author = {The Rust Core Team},
    date = {2020-08-18},
    url = {https://blog.rust-lang.org/2020/08/18/laying-the-foundation-for-rusts-future.html},
    urldate = {2022-05-30},
}

@article{FoundationStart,
    title = {Hello World!},
    subtitle = {Announcing the Rust Foundation to the World},
    date = {2021-02-08},
    url = {https://foundation.rust-lang.org/news/2021-02-08-hello-world/},
    urldate = {2022-05-30},
}
